@BOOK{PerfTestGuide,
	    AUTHOR = "Meier, J.D. and Farre, C. and Bansode, P. and Barber, S. and Rea, D.",
	    TITLE = "Performance Testing Guidance for Web Applications",
	    PUBLISHER = "Microsoft Press",
	    YEAR = 2007,
        NOTE = "ISBN: 9780735625709"
	    }

@MISC{JmeterTutorial,
      	AUTHOR = "TUTORIALS POINT",
      	TITLE = "Tutorials Point",
      	HOWPUBLISHED = {\url{www.tutorialspoint.com/jmeter/jmeter_tutorial.pdf}},
  		NOTE = {Navštívené: 28.12.2014}
}

@BOOK{IntegratedApproach,
	    AUTHOR = "Subraya, B.M.",
	    TITLE = "Integrated Approach to Web Performance Testing: A Practitioneres Guide",
	    PUBLISHER = "IRM Press",
	    YEAR = 2006,
	    ADDRESS = "Hershey",
	    NOTE = "ISBN: 9781591407850"
	    }
	   
@misc{ComputingPower	,
		AUTHOR = "Garside, W.",
  		title = {Computing power: capacity on demand},
  		howpublished = {\url{www.computerweekly.com/feature/Computing-power-capacity-on-demand}},
  		note = {Navštívené: 26.12.2014}
}	   
	    
@misc{Sochor,
		AUTHOR = "Sochor, J.",
  		title = "{ÚVT MU} zpravodaj",
  		howpublished = {\url{www.ics.muni.cz/bulletin/articles/61.html}},
  		note = {Navštívené: 22.12.2014}
}

@misc{Apache,
		AUTHOR = "Apache Software Foundation",
  		title = "{Apache JMeter}",
  		howpublished = {\url{http://jmeter.apache.org/index.html}},
  		note = {Navštívené: 19.12.2014}
}	    

@misc{Faban,
  		title = "Faban",
  		howpublished = {\url{http://faban.org/about.html}},
  		note = {Navštívené: 19.12.2014}
}

@misc{FabanBlog,
		AUTHOR = "LiChong, Kim",
  		title = "{How to write a JMS Faban driver (Part One)}",
  		howpublished = {\url{https://blogs.oracle.com/klc/entry/using_faban_as_an_asynchronous}},
  		note = {Navštívené: 22.12.2014}
}

@misc{Gatling,
  		title = "Gatling",
  		howpublished = {\url{http://gatling.io/docs/2.1.1/}},
  		note = {Navštívené: 19.12.2014}
}

@misc{Michalko,
  		AUTHOR = "Michalko, M.",
  		title = "{PerfCakeIDEA}",
  		howpublished = {\url{https://github.com/PerfCake/PerfCakeIDEA}},
  		note = {Navštívené: 19.12.2014}
}

@misc{HTTP,
  		AUTHOR = "Fielding, R.",
  		title = "{Hypertext Transfer Protocol (HTTP/1.1): Message Syntax and Routing}",
  		howpublished = {\url{http://tools.ietf.org/html/rfc7230}},
  		note = {Navštívené: 13.12.2014}
}
  
@Book{Art,
		AUTHOR    = "Ian Molyneaux",
		TITLE     = "The Art of Application Performance Testing",
		PUBLISHER = "O’Reilly Media, Inc.",
		YEAR      =  2009,
		ADDRESS   = "Sebastopol",
		EDITION   = "first edition",
		NOTE      = "ISBN: 9780596520663"	    
}

@Book{Wescott,
		AUTHOR    = "Wescott, Bob",
		TITLE     = "The Every Computer Performance Book: How to Avoid and Solve Performance Problems on The Computers You Work With",
		PUBLISHER = "CreateSpace Independent Publishing Platform",
		YEAR      =  2013,
		EDITION   = "first edition",
		NOTE      = "ISBN: 1482657759"
}